@Book{Bishop:2006,
	author =       "Bishop, Christopher M.",
	title =        "Pattern Recognition and Machine Learning",
	publisher =    "Springer",
	year =         "2006",
	ISBN =         "978-0387-31073-2",
	url = "http://research.microsoft.com/en-us/um/people/cmbishop/prml/",
	bib2html_rescat = "General ML",
}

@article{DPVI,
	author = {{J{\"a}lk{\"o}}, J. and {Dikmen}, O. and {Honkela}, A.},
	title = "{Differentially Private Variational Inference for Non-conjugate Models}",
	journal = {ArXiv e-prints},
	archivePrefix = "arXiv",
	eprint = {1610.08749},
	primaryClass = "stat.ML",
	keywords = {Statistics - Machine Learning, Computer Science - Cryptography and Security, Computer Science - Machine Learning, Statistics - Methodology},
	year = 2016,
	month = oct,
	adsurl = {http://adsabs.harvard.edu/abs/2016arXiv161008749J},
	adsnote = {Provided by the SAO/NASA Astrophysics Data System}
}

@article{PVI,
	title={Partitioned Variational Inference: A unified framework encompassing federated and continual learning},
	author={Bui, Thang D and Nguyen, Cuong V and Swaroop, Siddharth and Turner, Richard E},
	journal={arXiv preprint arXiv:1811.11206},
	year={2018}
}

@article{drugSensitivity,
	title={Representation Transfer for Differentially Private Drug Sensitivity Prediction},
	author={Niinim{\"a}ki, Teppo and Heikkil{\"a}, Mikko and Honkela, Antti and Kaski, Samuel},
	journal={arXiv preprint arXiv:1901.10227},
	year={2019}
}

@article{gymrek2013identifying,
	title={Identifying personal genomes by surname inference},
	author={Gymrek, Melissa and McGuire, Amy L and Golan, David and Halperin, Eran and Erlich, Yaniv},
	journal={Science},
	volume={339},
	number={6117},
	pages={321--324},
	year={2013},
	publisher={American Association for the Advancement of Science}
}


@article{foundations,
	author = {Dwork, Cynthia and Roth, Aaron},
	title = {The Algorithmic Foundations of Differential Privacy},
	journal = {Found. Trends Theor. Comput. Sci.},
	issue_date = {August 2014},
	volume = {9},
	number = {3\&\#8211;4},
	month = aug,
	year = {2014},
	issn = {1551-305X},
	pages = {211--407},
	numpages = {197},
	url = {http://dx.doi.org/10.1561/0400000042},
	doi = {10.1561/0400000042},
	acmid = {2693053},
	publisher = {Now Publishers Inc.},
	address = {Hanover, MA, USA},
} 

@INPROCEEDINGS{netflix,
	author={A. Narayanan and V. Shmatikov},
	booktitle={2008 IEEE Symposium on Security and Privacy (sp 2008)},
	title={Robust De-anonymization of Large Sparse Datasets},
	year={2008},
	volume={},
	number={},
	pages={111-125},
	keywords={data mining;data privacy;Internet;very large databases;large sparse dataset;statistical de-anonymization attack;Netflix prize dataset;online movie rental service;Internet movie database;privacy risk;data mining;Robustness;Motion pictures;Data security;Data privacy;Transaction databases;Data mining;Internet;Tail;Probability;DVD;Privacy;Anonymity;Attack},
	doi={10.1109/SP.2008.33},
	ISSN={1081-6011},
	month={May},}

@inproceedings{modelInversion,
	author = {Fredrikson, Matt and Jha, Somesh and Ristenpart, Thomas},
	title = {Model Inversion Attacks That Exploit Confidence Information and Basic Countermeasures},
	booktitle = {Proceedings of the 22Nd ACM SIGSAC Conference on Computer and Communications Security},
	series = {CCS '15},
	year = {2015},
	isbn = {978-1-4503-3832-5},
	location = {Denver, Colorado, USA},
	pages = {1322--1333},
	numpages = {12},
	url = {http://doi.acm.org/10.1145/2810103.2813677},
	doi = {10.1145/2810103.2813677},
	acmid = {2813677},
	publisher = {ACM},
	address = {New York, NY, USA},
	keywords = {attacks, machine learning, privacy},
} 

@inproceedings{moments_account,
	author = {Abadi, Martin and Chu, Andy and Goodfellow, Ian and McMahan, H. Brendan and Mironov, Ilya and Talwar, Kunal and Zhang, Li},
	title = {Deep Learning with Differential Privacy},
	booktitle = {Proceedings of the 2016 ACM SIGSAC Conference on Computer and Communications Security},
	series = {CCS '16},
	year = {2016},
	isbn = {978-1-4503-4139-4},
	location = {Vienna, Austria},
	pages = {308--318},
	numpages = {11},
	url = {http://doi.acm.org/10.1145/2976749.2978318},
	doi = {10.1145/2976749.2978318},
	acmid = {2978318},
	publisher = {ACM},
	address = {New York, NY, USA},
	keywords = {deep learning, differential privacy},
} 

@inproceedings{amp,
	title={On sampling, anonymization, and differential privacy or, k-anonymization meets differential privacy},
	author={Li, Ninghui and Qardaji, Wahbeh and Su, Dong},
	booktitle={Proceedings of the 7th ACM Symposium on Information, Computer and Communications Security},
	pages={32--33},
	year={2012},
	organization={ACM}
}

@misc{google_ai_blog_2017, title={Federated Learning: Collaborative Machine Learning without Centralized Training Data}, url={https://ai.googleblog.com/2017/04/federated-learning-collaborative.html}, journal={Google AI Blog}, year={2017}, month={Apr}, author={McMahan, Brendan and Ramage, Daniel}} 

@article{ruder2016overview,
	title={An overview of gradient descent optimization algorithms},
	author={Ruder, Sebastian},
	journal={arXiv preprint arXiv:1609.04747},
	year={2016}
}

@article{bansak2018improving,
	title={Improving refugee integration through data-driven algorithmic assignment},
	author={Bansak, Kirk and Ferwerda, Jeremy and Hainmueller, Jens and Dillon, Andrea and Hangartner, Dominik and Lawrence, Duncan and Weinstein, Jeremy},
	journal={Science},
	volume={359},
	number={6373},
	pages={325--329},
	year={2018},
	publisher={American Association for the Advancement of Science}
}

@inproceedings{heikkila2017differentially,
	title={Differentially private Bayesian learning on distributed data},
	author={Heikkil{\"a}, Mikko and Lagerspetz, Eemil and Kaski, Samuel and Shimizu, Kana and Tarkoma, Sasu and Honkela, Antti},
	booktitle={Advances in neural information processing systems},
	pages={3226--3235},
	year={2017}
}

@article{geyer2017differentially,
	title={Differentially private federated learning: A client level perspective},
	author={Geyer, Robin C and Klein, Tassilo and Nabi, Moin},
	journal={arXiv preprint arXiv:1712.07557},
	year={2017}
}

@inproceedings{hsu2014differential,
	title={Differential privacy: An economic method for choosing epsilon},
	author={Hsu, Justin and Gaboardi, Marco and Haeberlen, Andreas and Khanna, Sanjeev and Narayan, Arjun and Pierce, Benjamin C and Roth, Aaron},
	booktitle={2014 IEEE 27th Computer Security Foundations Symposium},
	pages={398--410},
	year={2014},
	organization={IEEE}
}

